@Book{usabilidade-na-web,
	Title = {Usabilidade na Web},
	Subtitle = {Projetando Websites com qualidade},
	Author = {Jakob Nielsen and Hoa Loranger},
	Publisher = {Elsevier},
	Year = {2007},
	Address = {SÃ£o Paulo},
	Edition = {1}
}